
@Article{linearlogic,
  author  = {Girard, Jean-Yves},
  title   = {Linear logic},
  journal = {Theoretical Computer Science},
  volume  = {50},
  number  = {1},
  pages   = {1--101},
  year    = {1987},
  doi     = {10.1016/0304-3975(87)90045-4}
}

@Article{lightlinearlogic,
  author  = {Girard, Jean-Yves},
  title   = {Light linear logic},
  journal = {Information and Computation},
  volume  = {43},
  pages   = {175--204},
  year    = {1998},
  doi     = {10.1006/inco.1998.2700}
}

@Article{softlinearlogic,
  author  = {Lafont, Yves},
  title   = {Soft linear logic and polynomial time},
  journal = {Theoretical Computer Science},
  volume  = {318},
  number  = {1--2},
  pages   = {163--180},
  year    = {2004},
  doi     = {10.1016/0304-3975(87)90045-4}
}

@PhdThesis{phdschellinx,
  author = {Schellinx, Harold},
  title  = {The Noble Art of Linear Decorating},
  school = {University of Amsterdam},
  type   = {Dissertation series of the {D}utch {I}nstitute for {L}ogic, {L}anguage and {C}omputation},
  note   = {ILLC-Dissertation Series, 1994-1},
  year   = {1994}
}
